<record><leader>00000cas a22000007a 4500</leader><controlfield tag="001">39880565</controlfield><controlfield tag="008">980916d190u19uuncuwr ne      0    0eng d</controlfield><datafield ind1=" " ind2=" " tag="010"><subfield code="a">sn 98058838 </subfield></datafield><datafield ind1=" " ind2=" " tag="040"><subfield code="a">NVJ</subfield><subfield code="b">eng</subfield><subfield code="c">NVJ</subfield><subfield code="d">OCLCQ</subfield><subfield code="d">OCLCF</subfield><subfield code="d">OCLCO</subfield></datafield><datafield ind1="1" ind2=" " tag="029"><subfield code="a">AU@</subfield><subfield code="b">000014196956</subfield></datafield><datafield ind1=" " ind2=" " tag="042"><subfield code="a">msc</subfield></datafield><datafield ind1=" " ind2=" " tag="043"><subfield code="a">n-us-nc</subfield></datafield><datafield ind1="0" ind2=" " tag="130"><subfield code="a">Coaster (Morehead City, N.C.)</subfield></datafield><datafield ind1="1" ind2="4" tag="245"><subfield code="a">The coaster.</subfield></datafield><datafield ind1=" " ind2=" " tag="260"><subfield code="a">Morehead City, N.C. :</subfield><subfield code="b">B.F. McCullen</subfield></datafield><datafield ind1=" " ind2=" " tag="300"><subfield code="a">v.</subfield></datafield><datafield ind1=" " ind2=" " tag="310"><subfield code="a">Weekly</subfield></datafield><datafield ind1=" " ind2=" " tag="588"><subfield code="a">Description based on: Vol. 2, no. 39 (May 14, 1903).</subfield></datafield><datafield ind1=" " ind2="0" tag="651"><subfield code="a">Morehead City (N.C.)</subfield><subfield code="v">Newspapers.</subfield></datafield><datafield ind1=" " ind2="0" tag="651"><subfield code="a">Carteret County (N.C.)</subfield><subfield code="v">Newspapers.</subfield></datafield><datafield ind1=" " ind2="7" tag="655"><subfield code="a">Newspapers.</subfield><subfield code="2">fast</subfield><subfield code="0">(OCoLC)fst01423814</subfield></datafield><datafield ind1=" " ind2="7" tag="651"><subfield code="a">North Carolina</subfield><subfield code="z">Carteret County.</subfield><subfield code="2">fast</subfield><subfield code="0">(OCoLC)fst01218240</subfield></datafield><datafield ind1=" " ind2="7" tag="651"><subfield code="a">North Carolina</subfield><subfield code="z">Morehead City.</subfield><subfield code="2">fast</subfield><subfield code="0">(OCoLC)fst01213458</subfield></datafield><datafield ind1=" " ind2=" " tag="752"><subfield code="a">United States</subfield><subfield code="b">North Carolina</subfield><subfield code="c">Carteret</subfield><subfield code="d">Morehead City.</subfield></datafield><datafield ind1="0" ind2="0" tag="785"><subfield code="t">Carteret County herald</subfield><subfield code="w">(DLC)sn 98058937</subfield></datafield></record>